@misc{fu2021correlation,
      title={Correlation Filters for Unmanned Aerial Vehicle-Based Aerial Tracking: A Review and Experimental Evaluation}, 
      author={Changhong Fu and Bowen Li and Fangqiang Ding and Fuling Lin and Geng Lu},
      year={2021},
      eprint={2010.06255},
      archivePrefix={arXiv},
      primaryClass={cs.CV}
}

@InProceedings{Du_2019_ICCV,
      author = {Du, Dawei and Zhu, Pengfei and Wen, Longyin and Bian, Xiao and Ling, Haibin and Hu, Qinghua and Zheng, Jiayu and Peng, Tao and Wang, Xinyao and Zhang, Yue and Bo, Liefeng and Shi, Hailin and Zhu, Rui and Han, Bo and Zhang, Chunhui and Liu, Guizhong and Wu, Han and Wen, Hao and Wang, Haoran and Fan, Jiaqing and Chen, Jie and Gao, Jie and Zhang, Jie and Zhou, Jinghao and Zhou, Jinliu and Wang, Jinwang and Wan, Jiuqing and Kittler, Josef and Zhang, Kaihua and Huang, Kaiqi and Yang, Kang and Zhang, Kangkai and Huang, Lianghua and Zhou, Lijun and Shi, Lingling and Ding, Lu and Wang, Ning and Wang, Peng and Hu, Qintao and Laganiere, Robert and Ma, Ruiyan and Zhang, Ruohan and Zou, Shanrong and Zhao, Shengwei and Li, Shengyang and Zhu, Shengyin and Li, Shikun and Ge, Shiming and Xuan, Shiyu and Xu, Tianyang},
      title = {VisDrone-SOT2019: The Vision Meets Drone Single Object Tracking Challenge Results},
      booktitle = {Proceedings of the IEEE/CVF International Conference on Computer Vision (ICCV) Workshops},
      month = {Oct},
      year = {2019}
}

@inproceedings{gan2020low,
  title={Low-Latency Proactive Continuous Vision},
  author={Gan, Yiming and Qiu, Yuxian and Chen, Lele and Leng, Jingwen and Zhu, Yuhao},
  booktitle={Proceedings of the ACM International Conference on Parallel Architectures and Compilation Techniques},
  pages={329--342},
  year={2020}
}

@article{liu2015ultra,
      title={Ultra-low-power image signal processor for smart camera applications},
      author={Liu, Zhenhong and Park, T and Park, HS and Kim, NS},
      journal={Electronics Letters},
      volume={51},
      number={22},
      pages={1778--1780},
      year={2015},
      publisher={IET}
}

@inproceedings{buckler2017reconfiguring,
      title={Reconfiguring the imaging pipeline for computer vision},
      author={Buckler, Mark and Jayasuriya, Suren and Sampson, Adrian},
      booktitle={Proceedings of the IEEE International Conference on Computer Vision},
      pages={975--984},
      year={2017}
}

@inproceedings{wu2019visionisp,
  title={VisionISP: Repurposing the image signal processor for computer vision applications},
  author={Wu, Chyuan-Tyng and Isikdogan, Leo F and Rao, Sushma and Nayak, Bhavin and Gerasimow, Timo and Sutic, Aleksandar and Ain-kedem, Liron and Michael, Gilad},
  booktitle={2019 IEEE International Conference on Image Processing (ICIP)},
  pages={4624--4628},
  year={2019},
  organization={IEEE}
}

@inproceedings{lubana2019minimalistic,
  title={Minimalistic Image Signal Processing for Deep Learning Applications},
  author={Lubana, Ekdeep Singh and Dick, Robert P and Aggarwal, Vinayak and Pradhan, Pyari Mohan},
  booktitle={2019 IEEE International Conference on Image Processing (ICIP)},
  pages={4165--4169},
  year={2019},
  organization={IEEE}
}
